@misc{WorldEconomicForum,
  title = {{World Economic Forum} The Fourth Industrial Revolution: what it means, how to respond},
  howpublished = {\url{https://www.weforum.org/agenda/2016/01/the-fourth-industrial-revolution-what-it-means-and-how-to-respond/}},
  note = {Accessed: 2023-11-07}
}
@article{AES,
  title={AES proposal: Rijndael},
  author={Daemen, Joan and Rijmen, Vincent},
  year={1999},
  publisher={Gaithersburg, MD, USA}
}
@inproceedings{AES-128,
  title={Strong authentication for RFID systems using the AES algorithm},
  author={Feldhofer, Martin and Dominikus, Sandra and Wolkerstorfer, Johannes},
  booktitle={Cryptographic Hardware and Embedded Systems-CHES 2004: 6th International Workshop Cambridge, MA, USA, August 11-13, 2004. Proceedings 6},
  pages={357--370},
  year={2004},
  organization={Springer}
}
@inproceedings{DESL,
  title={New lightweight DES variants},
  author={Leander, Gregor and Paar, Christof and Poschmann, Axel and Schramm, Kai},
  booktitle={Fast Software Encryption: 14th International Workshop, FSE 2007, Luxembourg, Luxembourg, March 26-28, 2007, Revised Selected Papers 14},
  pages={196--210},
  year={2007},
  organization={Springer}
}
@inproceedings{PRESENT,
  title={PRESENT: An ultra-lightweight block cipher},
  author={Bogdanov, Andrey and Knudsen, Lars R and Leander, Gregor and Paar, Christof and Poschmann, Axel and Robshaw, Matthew JB and Seurin, Yannick and Vikkelsoe, Charlotte},
  booktitle={Cryptographic Hardware and Embedded Systems-CHES 2007: 9th International Workshop, Vienna, Austria, September 10-13, 2007. Proceedings 9},
  pages={450--466},
  year={2007},
  organization={Springer}
}
@article{SIMONSPECK,
  title={The SIMON and SPECK families of lightweight block ciphers},
  author={Beaulieu, Ray and Shors, Douglas and Smith, Jason and Treatman-Clark, Stefan and Weeks, Bryan and Wingers, Louis},
  journal={cryptology eprint archive},
  year={2013}
}
@article{HUMMINGBIRD,
  title={Ultra-lightweight cryptography for low-cost RFID tags: Hummingbird algorithm and protocol},
  author={Engels, Daniel and Fan, Xinxin and Gong, Guang and Hu, Honggang and Smith, Eric M},
  journal={Centre for Applied Cryptographic Research (CACR) Technical Reports},
  volume={29},
  number={01},
  year={2009}
}
@inproceedings{HUMMINGBIRD2,
  title={The Hummingbird-2 lightweight authenticated encryption algorithm},
  author={Engels, Daniel and Saarinen, Markku-Juhani O and Schweitzer, Peter and Smith, Eric M},
  booktitle={RFID. Security and Privacy: 7th International Workshop, RFIDSec 2011, Amherst, USA, June 26-28, 2011, Revised Selected Papers 7},
  pages={19--31},
  year={2012},
  organization={Springer}
}
@inproceedings{PRINCE,
  title={PRINCE--a low-latency block cipher for pervasive computing applications},
  author={Borghoff, Julia and Canteaut, Anne and G{\"u}neysu, Tim and Kavun, Elif Bilge and Knezevic, Miroslav and Knudsen, Lars R and Leander, Gregor and Nikov, Ventzislav and Paar, Christof and Rechberger, Christian and others},
  booktitle={Advances in Cryptology--ASIACRYPT 2012: 18th International Conference on the Theory and Application of Cryptology and Information Security, Beijing, China, December 2-6, 2012. Proceedings 18},
  pages={208--225},
  year={2012},
  organization={Springer}
}
@inproceedings{LED,
  title={The LED block cipher},
  author={Guo, Jian and Peyrin, Thomas and Poschmann, Axel and Robshaw, Matt},
  booktitle={Cryptographic Hardware and Embedded Systems--CHES 2011: 13th International Workshop, Nara, Japan, September 28--October 1, 2011. Proceedings 13},
  pages={326--341},
  year={2011},
  organization={Springer}
}
@article{DULBC,
  title={DULBC: A dynamic ultra-lightweight block cipher with high-throughput},
  author={Yang, Jinling and Li, Lang and Guo, Ying and Huang, Xiantong},
  journal={Integration},
  volume={87},
  pages={221--230},
  year={2022},
  publisher={Elsevier}
}
@inproceedings{GIFT,
  title={GIFT: A small present: Towards reaching the limit of lightweight encryption},
  author={Banik, Subhadeep and Pandey, Sumit Kumar and Peyrin, Thomas and Sasaki, Yu and Sim, Siang Meng and Todo, Yosuke},
  booktitle={Cryptographic Hardware and Embedded Systems--CHES 2017: 19th International Conference, Taipei, Taiwan, September 25-28, 2017, Proceedings},
  pages={321--345},
  year={2017},
  organization={Springer}
}
@inproceedings{MCRYPTON,
  title={mCrypton--a lightweight block cipher for security of low-cost RFID tags and sensors},
  author={Lim, Chae Hoon and Korkishko, Tymur},
  booktitle={International workshop on information security applications},
  pages={243--258},
  year={2005},
  organization={Springer}
}
@inproceedings{TWINE,
  title={: a lightweight block cipher for multiple platforms},
  author={Suzaki, Tomoyasu and Minematsu, Kazuhiko and Morioka, Sumio and Kobayashi, Eita},
  booktitle={International Conference on Selected Areas in Cryptography},
  pages={339--354},
  year={2012},
  organization={Springer}
}
@article{GOST,
  title={Security evaluation of GOST 28147-89 in view of international standardisation},
  author={Courtois, Nicolas T},
  journal={Cryptologia},
  volume={36},
  number={1},
  pages={2--13},
  year={2012},
  publisher={Taylor \& Francis}
}
@inproceedings{HIGHT,
  title={HIGHT: A new block cipher suitable for low-resource device},
  author={Hong, Deukjo and Sung, Jaechul and Hong, Seokhie and Lim, Jongin and Lee, Sangjin and Koo, Bon-Seok and Lee, Changhoon and Chang, Donghoon and Lee, Jesang and Jeong, Kitae and others},
  booktitle={Cryptographic Hardware and Embedded Systems-CHES 2006: 8th International Workshop, Yokohama, Japan, October 10-13, 2006. Proceedings 8},
  pages={46--59},
  year={2006},
  organization={Springer}
}
@inproceedings{LBLOCK,
  title={LBlock: a lightweight block cipher},
  author={Wu, Wenling and Zhang, Lei},
  booktitle={Applied Cryptography and Network Security: 9th International Conference, ACNS 2011, Nerja, Spain, June 7-10, 2011. Proceedings 9},
  pages={327--344},
  year={2011},
  organization={Springer}
}
@article{SLIM,
  title={SLIM: A lightweight block cipher for internet of health things},
  author={Aboushosha, Bassam and Ramadan, Rabie A and Dwivedi, Ashutosh Dhar and El-Sayed, Ayman and Dessouky, Mohamed M},
  journal={IEEE Access},
  volume={8},
  pages={203747--203757},
  year={2020},
  publisher={IEEE}
}
@article{SHADOW,
  title={Shadow: A lightweight block cipher for IoT nodes},
  author={Guo, Ying and Li, Lang and Liu, Botao},
  journal={IEEE Internet of Things Journal},
  volume={8},
  number={16},
  pages={13014--13023},
  year={2021},
  publisher={IEEE}
}
@inproceedings{SKINNY,
  title={The SKINNY family of block ciphers and its low-latency variant MANTIS},
  author={Beierle, Christof and Jean, J{\'e}r{\'e}my and K{\"o}lbl, Stefan and Leander, Gregor and Moradi, Amir and Peyrin, Thomas and Sasaki, Yu and Sasdrich, Pascal and Sim, Siang Meng},
  booktitle={Advances in Cryptology--CRYPTO 2016: 36th Annual International Cryptology Conference, Santa Barbara, CA, USA, August 14-18, 2016, Proceedings, Part II 36},
  pages={123--153},
  year={2016},
  organization={Springer}
}
@article{QTL,
  title={QTL: a new ultra-lightweight block cipher},
  author={Li, Lang and Liu, Botao and Wang, Hui},
  journal={Microprocessors and Microsystems},
  volume={45},
  pages={45--55},
  year={2016},
  publisher={Elsevier}
}

@article{FEISTEL,
  title={Feistel ciphers},
  author={Nachef, Val{\'e}rie and Patarin, Jacques and Volte, Emmanuel},
  journal={Cham: Springer International Publishing},
  year={2017},
  publisher={Springer}
}

 @misc{SPN_FIG,
   author = "Wikimedia Commons",
   title = "File:SubstitutionPermutationNetwork2.png --- Wikimedia Commons{,} the free media repository",
   year = "2021",
   url = "https://commons.wikimedia.org/w/index.php?title=File:SubstitutionPermutationNetwork2.png&oldid=570824875",
   note = "[Online; accessed 29-November-2023]"
 }

@article{IoT_1,
author = {Thakor, Vishal and Razzaque, Mohammad Abdur and Khandaker, Muhammad},
year = {2021},
month = {01},
pages = {28177-28193},
title = {Lightweight Cryptography Algorithms for Resource-Constrained IoT Devices: A Review, Comparison and Research Opportunities},
volume = {9},
journal = {IEEE Access},
doi = {10.1109/ACCESS.2021.3052867}
}
@techreport{NIST,
  title={Report on lightweight cryptography},
  author={McKay, Kerry and Bassham, Lawrence and S{\"o}nmez Turan, Meltem and Mouha, Nicky},
  year={2016},
  institution={National Institute of Standards and Technology}
}
@inproceedings{cazorla2013survey,
  title={Survey and benchmark of lightweight block ciphers for wireless sensor networks},
  author={Cazorla, Micka{\"e}l and Marquet, Kevin and Minier, Marine},
  booktitle={2013 international conference on security and cryptography (SECRYPT)},
  pages={1--6},
  year={2013},
  organization={IEEE}
}

@inproceedings{guo2011photon,
  title={The PHOTON family of lightweight hash functions},
  author={Guo, Jian and Peyrin, Thomas and Poschmann, Axel},
  booktitle={Advances in Cryptology--CRYPTO 2011: 31st Annual Cryptology Conference, Santa Barbara, CA, USA, August 14-18, 2011. Proceedings 31},
  pages={222--239},
  year={2011},
  organization={Springer}
}

@inproceedings{chowdhury2015lmac,
  title={Lmac: A lightweight message authentication code for wireless sensor network},
  author={Chowdhury, Amrita Roy and DasBit, Sipra},
  booktitle={2015 IEEE Global Communications Conference (GLOBECOM)},
  pages={1--6},
  year={2015},
  organization={IEEE}
}

@article{manifavas2016survey,
  title={A survey of lightweight stream ciphers for embedded systems},
  author={Manifavas, Charalampos and Hatzivasilis, George and Fysarakis, Konstantinos and Papaefstathiou, Yannis},
  journal={Security and Communication Networks},
  volume={9},
  number={10},
  pages={1226--1246},
  year={2016},
  publisher={Wiley Online Library}
}

@inproceedings{fan2013wg,
  title={Wg-8: A lightweight stream cipher for resource-constrained smart devices},
  author={Fan, Xinxin and Mandal, Kalikinkar and Gong, Guang},
  booktitle={Quality, Reliability, Security and Robustness in Heterogeneous Networks: 9th International Conference, QShine 2013, Greader Noida, India, January 11-12, 2013, Revised Selected Papers 9},
  pages={617--632},
  year={2013},
  organization={Springer}
}
@inproceedings{matsui1993linear,
  title={Linear cryptanalysis method for DES cipher},
  author={Matsui, Mitsuru},
  booktitle={Workshop on the Theory and Application of of Cryptographic Techniques},
  pages={386--397},
  year={1993},
  organization={Springer}
}

@article{heys2002tutorial,
  title={A tutorial on linear and differential cryptanalysis},
  author={Heys, Howard M},
  journal={Cryptologia},
  volume={26},
  number={3},
  pages={189--221},
  year={2002},
  publisher={Taylor \& Francis}
}

@article{zero,
author = {Bogdanov, Andrey and Rijmen, Vincent},
year = {2011},
month = {01},
pages = {123},
title = {Zero-Correlation Linear Cryptanalysis of Block Ciphers.},
volume = {2011},
journal = {IACR Cryptology ePrint Archive}
}

@article{jeong2012biclique,
  title={Biclique cryptanalysis of lightweight block ciphers PRESENT, Piccolo and LED},
  author={Jeong, Kitae and Kang, HyungChul and Lee, Changhoon and Sung, Jaechul and Hong, Seokhie},
  journal={Cryptology ePrint Archive},
  year={2012}
}

@inproceedings{muthavhine2018analysis,
  title={An analysis and a comparative study of cryptographic algorithms used on the Internet of Things (IoT) based on avalanche effect},
  author={Muthavhine, Khumbelo Difference and Sumbwanyambe, M},
  booktitle={2018 International Conference on Information and Communications Technology (ICOIACT)},
  pages={114--119},
  year={2018},
  organization={IEEE}
}

@article{heys1996substitution,
  title={Substitution-permutation networks resistant to differential and linear cryptanalysis},
  author={Heys, Howard M and Tavares, Stafford E},
  journal={Journal of cryptology},
  volume={9},
  number={1},
  pages={1--19},
  year={1996},
  publisher={Springer}
}